@article{hanifa2021review,
  title={A review on speaker recognition: Technology and challenges},
  author={Hanifa, Rafizah Mohd and Isa, Khalid and Mohamad, Shamsul},
  journal={Computers \& Electrical Engineering},
  volume={90},
  pages={107005},
  year={2021},
  publisher={Elsevier}
}
@article{smagulova2019survey,
  title={A survey on LSTM memristive neural network architectures and applications},
  author={Smagulova, Kamilya and James, Alex Pappachen},
  journal={The European Physical Journal Special Topics},
  volume={228},
  number={10},
  pages={2313--2324},
  year={2019},
  publisher={Springer}
}
@inproceedings{siami2019performance,
  title={The performance of LSTM and BiLSTM in forecasting time series},
  author={Siami-Namini, Sima and Tavakoli, Neda and Namin, Akbar Siami},
  booktitle={2019 IEEE International conference on big data (Big Data)},
  pages={3285--3292},
  year={2019},
  organization={IEEE}
}
@article{rhanoui2019cnn,
  title={A CNN-BiLSTM model for document-level sentiment analysis},
  author={Rhanoui, Maryem and Mikram, Mounia and Yousfi, Siham and Barzali, Soukaina},
  journal={Machine Learning and Knowledge Extraction},
  volume={1},
  number={3},
  pages={832--847},
  year={2019},
  publisher={MDPI}
}
@article{shopon2021residual,
  title={Residual connection-based graph convolutional neural networks for gait recognition},
  author={Shopon, Md and Bari, ASM Hossain and Gavrilova, Marina L},
  journal={The Visual Computer},
  volume={37},
  number={9},
  pages={2713--2724},
  year={2021},
  publisher={Springer}
}
@book{chua1998cnn,
  title={CNN: A paradigm for complexity},
  author={Chua, Leon O},
  volume={31},
  year={1998},
  publisher={World Scientific}
}
@article{singh2014approach,
  title={An approach to extract feature using MFCC},
  author={Singh, Parwinder Pal and Rani, Pushpa},
  journal={IOSR Journal of Engineering},
  volume={4},
  number={8},
  pages={21--25},
  year={2014},
  publisher={IOSR Journals}
}
@inproceedings{torres2002approaches,
  title={Approaches to language identification using Gaussian mixture models and shifted delta cepstral features.},
  author={Torres-Carrasquillo, Pedro A and Singer, Elliot and Kohler, Mary A and Greene, Richard J and Reynolds, Douglas A and Deller Jr, John R},
  booktitle={Interspeech},
  volume={2},
  pages={89--92},
  year={2002},
  organization={Citeseer}
}
@inproceedings{kobayashi2014acoustic,
  title={Acoustic feature extraction by statistics based local binary pattern for environmental sound classification},
  author={Kobayashi, Takumi and Ye, Jiaxing},
  booktitle={2014 IEEE international conference on acoustics, speech and signal processing (ICASSP)},
  pages={3052--3056},
  year={2014},
  organization={IEEE}
}
@article{yang2016pitch,
  title={Pitch features of environmental sounds},
  author={Yang, Ming and Kang, Jian},
  journal={Journal of Sound and Vibration},
  volume={374},
  pages={312--328},
  year={2016},
  publisher={Elsevier}
}
@inproceedings{tak2017novel,
  title={Novel phase encoded mel filterbank energies for environmental sound classification},
  author={Tak, Rishabh N and Agrawal, Dharmesh M and Patil, Hemant A},
  booktitle={International Conference on Pattern Recognition and Machine Intelligence},
  pages={317--325},
  year={2017},
  organization={Springer}
}
@inproceedings{arandjelovic2018objects,
  title={Objects that sound},
  author={Arandjelovic, Relja and Zisserman, Andrew},
  booktitle={Proceedings of the European conference on computer vision (ECCV)},
  pages={435--451},
  year={2018}
}
@article{kent1992acoustic,
  title={The acoustic analysis of speech Singular Publishing Group},
  author={Kent, RD and Read, C},
  journal={Inc. San Diego, CA},
  year={1992}
}
@article{lee1999acoustics,
  title={Acoustics of childrenâ€™s speech: Developmental changes of temporal and spectral parameters},
  author={Lee, Sungbok and Potamianos, Alexandros and Narayanan, Shrikanth},
  journal={The Journal of the Acoustical Society of America},
  volume={105},
  number={3},
  pages={1455--1468},
  year={1999},
  publisher={Acoustical Society of America}
}
@article{hanson1999glottal,
  title={Glottal characteristics of male speakers: Acoustic correlates and comparison with female data},
  author={Hanson, Helen M and Chuang, Erika S},
  journal={The Journal of the Acoustical Society of America},
  volume={106},
  number={2},
  pages={1064--1077},
  year={1999},
  publisher={Acoustical Society of America}
}
@article{dehqan2013effects,
  title={The effects of aging on acoustic parameters of voice},
  author={Dehqan, Ali and Scherer, Ronald C and Dashti, Gholamali and Ansari-Moghaddam, Alireza and Fanaie, Sepideh},
  journal={Folia Phoniatrica et Logopaedica},
  volume={64},
  number={6},
  pages={265--270},
  year={2013},
  publisher={S. Karger AG}
}